@incollection{Elmqvist2013,
    title = {{History of Urbanization and the Missing Ecology}},
    year = {2013},
    booktitle = {Urbanization, Biodiversity and Ecosystem Services: Challenges and Opportunities: A Global Assessment},
    author = {Elmqvist, Thomas and Redman, Charles L and Barthel, Stephan and Costanza, Robert},
    editor = {Elmqvist, Thomas and Fragkias, Michail and Goodness, Julie and G{\"{u}}neralp, Burak and Marcotullio, Peter J and McDonald, Robert I and Parnell, Susan and Schewenius, Maria and Sendstad, Marte and Seto, Karen C and Wilkinson, Cathy},
    pages = {13--30},
    publisher = {Springer Netherlands},
    url = {https://doi.org/10.1007/978-94-007-7088-1_2},
    address = {Dordrecht},
    isbn = {978-94-007-7088-1},
    doi = {10.1007/978-94-007-7088-1{\_}2}
}

@book{oppenhauser2010nachhaltigkeit,
    title = {{Nachhaltigkeit : vom Leitbild zur Erfolgsstrategie}},
    year = {2010},
    author = {Oppenh{\"{a}}user, Guido},
    series = {Reihe / DLG e.V.},
    volume = {1},
    url = {http://scans.hebis.de/HEBCGI/show.pl?22463187_toc.pdf},
    address = {Frankfurt am Main},
    isbn = {9783769007701}
}

@article{article,
    title = {{Sustainable Food Consumption: An Overview of Contemporary Issues and Policies}},
    year = {2013},
    journal = {Sustainability: Science, Practice, and Policy},
    author = {Reisch, Lucia and Eberle, Ulrike and Lorek, Sylvia},
    pages = {7--25},
    volume = {9},
    doi = {10.1080/15487733.2013.11908111}
}

@misc{KatrinBohnPDFCPUL,
    title = {{(PDF) The Edible City: Envisioning the Continuous Productive Urban Landscape (CPUL)}},
    author = {Katrin Bohn, Andre Vijoen},
    url = {https://www.researchgate.net/publication/268393445_The_Edible_City_Envisioning_the_Continuous_Productive_Urban_Landscape_CPUL http://eprints.brighton.ac.uk/10875/1/10_The_Edible_City_Katrin_Bohn_and_Andre_Viljoen-2.pdf}
}

@techreport{71985-2000,
    title = {{7 Stadtnahe Landwirtschaft heute, nachhaltige Stadt und Zwischenstadt, 1985-2000}},
    url = {https://elib.uni-stuttgart.de/bitstream/11682/31/2/part_2.pdf}
}

@article{BreusteBreuste20127.1Dahin,
    title = {{7.1 Von der Vision zum Leitbild-Stadtentwicklung des 20. Jahrhunderts-208 Literatur-242 Wie sieht die {\"{O}}kostadt von morgen aus und welche Wege f{\"{u}}hren dahin?}},
    year = {2012},
    author = {Breuste Breuste, Jürgen J},
    url = {https://link.springer.com/content/pdf/10.1007%2F978-3-642-55434-6_7.pdf},
    doi = {10.1007/978-3-642-55434-6{\_}7}
}

@techreport{UNCTAD2004ANations,
    title = {{A Manual for the Preparers and Users of Eco-efficiency Indicators United Nations}},
    year = {2004},
    author = {{UNCTAD}},
    url = {https://unctad.org/en/Docs/iteipc20037_en.pdf},
    address = { New York, Genf},
    isbn = {9211126207}
}

@misc{FAOAboutNations,
    title = {{About FAO | Food and Agriculture Organization of the United Nations}},
    author = {{FAO}},
    url = {http://www.fao.org/about/en/}
}

@article{Rodriguez-Delfin2012AdvancesAmerica,
    title = {{Advances of hydroponics in Latin America}},
    year = {2012},
    journal = {Acta Horticulturae},
    author = {Rodr{\'{i}}guez-Delf{\'{i}}n, A.},
    number = {May},
    pages = {23--32},
    volume = {947},
    isbn = {9789066052789},
    doi = {10.17660/ActaHortic.2012.947.1},
    issn = {05677572},
    keywords = {Aeroponics, Column system, Floating system, NFT, Soilless culture}
}

@article{Friedmann1989AGRICULTUREPresent,
    title = {{AGRICULTURE AND THE STATE SYSTEM: The rise and decline of national agricultures, 1870 to the present}},
    year = {1989},
    journal = {Sociologia Ruralis},
    author = {Friedmann, Harriet and McMichael, Philip},
    number = {2},
    month = {8},
    pages = {93--117},
    volume = {29},
    url = {http://doi.wiley.com/10.1111/j.1467-9523.1989.tb00360.x https://devsoc.cals.cornell.edu/sites/devsoc.cals.cornell.edu/files/shared/documents/agriculture and the state system-pdf.pdf},
    doi = {10.1111/j.1467-9523.1989.tb00360.x},
    issn = {0038-0199}
}

@article{Vijoen2015AgriculturePlanning,
    title = {{Agriculture in Urban Design and Spatial Planning}},
    year = {2015},
    journal = {Cities and Agriculture - Developing Resilient Urban Food Systems},
    author = {Vijoen, Andre and Schlesinger, Johannes and Hohn, Katrin and Drescher, Axel},
    number = {January},
    pages = {88--120},
    url = {https://www.researchgate.net/profile/Andre_Viljoen/publication/317042335_Agriculture_in_Urban_Design_and_Spatial_Planning/links/5922b2f50f7e9b997944563a/Agriculture-in-Urban-Design-and-Spatial-Planning.pdf},
    isbn = {9781138860582}
}

@techreport{Essel2010AnalyseFazit,
    title = {{Analyse der {\"{O}}koeffizienz der Wirtschaftssektoren in Europa Inhalt 1. Einleitung 2. Methode 3. Ergebnisse 4. Fazit}},
    year = {2010},
    author = {Essel, Roland},
    url = {www.kit.edu http://www.netzwerk-lebenszyklusdaten.de/cms/webdav/site/lca/shared/Veranstaltungen/2010LcaWerkstatt/Praesentationen/Essel%20-%20Oeko-Effizienz.pdf}
}

@article{vonMeyer-Hofer2012AnforderungenKonsumenten,
    title = {{Anforderungen an eine nachhaltige Land- und Ern{\"{a}}hrungswirtschaft: Die Rolle des Konsumenten}},
    year = {2012},
    journal = {KTBL-Schrift 500},
    author = {von Meyer-H{\"{o}}fer, Marie and Spiller, Achim},
    pages = {1--9},
    url = {https://de.statista.com/statistik/studie/id/16471/dokument/studie-zum-nachhaltigen-lebensmittelkonsum-und-labelling/},
    isbn = {987-3-941583-77-1}
}

@techreport{Diver2006Aquaponics-IntegrationAquaculture,
    title = {{Aquaponics-Integration of Hydroponics with Aquaculture}},
    year = {2006},
    author = {Diver, Steve},
    url = {http://www.backyardaquaponics.com/Travis/aquaponic.pdf}
}

@techreport{FreiMatthiasHartmann2007AquaponikGemuse,
    title = {{Aquaponik zur Selbstversorgung mit Fisch und Gem{\"{u}}se}},
    year = {2007},
    author = {Frei, Matthias; Hartmann, Olivier (2007)},
    url = {https://de.slideshare.net/ginosmit/aquaponics-zur-selbstversorgung-mit-fisch-und-gemuse-edu},
    institution = {Hochschule W{\"{a}}denswil},
    address = {W{\"{a}}denswil CH.}
}

@misc{Lepies2015AusTisch,
    title = {{Aus dem Bunker auf den Tisch}},
    year = {2015},
    author = {Lepies, Jennifer},
    url = {https://www.heise.de/tr/artikel/Aus-dem-Bunker-auf-den-Tisch-2823165.html}
}

@misc{AutoreninterviewMuller,
    title = {{Autoreninterview Christa M{\"{u}}ller}},
    url = {http://www.urban-gardening.eu/autoreninterview/}
}

@misc{PlantagonAwardsPlantagon,
    title = {{Awards - Plantagon}},
    author = {{Plantagon}},
    url = {http://www.plantagon.com/about/brand/awards/}
}

@article{Dr.Thomas2015BauerlichkeitBegriff,
    title = {{B{\"{a}}uerlichkeit im Trend - Hoffnungen und Visionen rund um einen schillernden Begriff}},
    year = {2015},
    author = {Dr. Thomas, Frieder},
    url = {https://www.kritischer-agrarbericht.de/fileadmin/Daten-KAB/KAB-2015/KAB2015_25_34_Thomas.pdf}
}

@book{Deutschland2017Baugesetzbuch,
    title = {{Baugesetzbuch ( BauGB )}},
    year = {2017},
    author = {Deutschland, Bundesrepublik},
    url = {https://www.gesetze-im-internet.de/bbaug/}
}

@techreport{BerichtInhalt,
    title = {{Bericht des BMELV f{\"{u}}r einen aktiven Klimaschutz der Agrar-, Forst-und Ern{\"{a}}hrungswirtschaft und zur Anpassung der Agrar-und Forstwirtschaft an den Klimawandel Inhalt}},
    url = {http://www.bmel.de/cae/servlet/contentblob/383152/publicationFile/22425/Klima}
}

@article{Schafer2016BfR-Symposium2016,
    title = {{BfR-Symposium „Insekten als Lebens- oder Futtermittel: Nahrung der Zukunft?“ Bericht zum Symposium am 24. Mai 2016}},
    year = {2016},
    author = {Sch{\"{a}}fer, Bernd and Bandick, Niels and Epp, Astrid and Hirsch-Ernst, Karen-I and Pucher, Johannes and Schumann, Regina and Spolders, Markus and Wagner, Bettina and Lampen, Alfonso},
    url = {https://link.springer.com/content/pdf/10.1007%2Fs00003-016-1038-0.pdf},
    isbn = {0000301610380},
    doi = {10.1007/s00003-016-1038-0}
}

@techreport{ForsterBilderZukunft,
    title = {{Bilder und Ideen f{\"{u}}r eine nachhaltige Zukunft}},
    author = {F{\"{o}}rster, Hannah and Siemons, Anne and Zell-Ziegler, Carina and Emele, Lukas},
    url = {www.oeko.de https://www.oeko.de/fileadmin/oekodoc/Klimavertraeglich-leben-im-Jahr-2050.pdf}
}

@techreport{2008Bioenergy2020/2050,
    title = {{Bioenergy and Global Food Situation until 2020/2050}},
    year = {2008},
    url = {http://www.wbgu.de https://www.wbgu.de/fileadmin/user_upload/wbgu.de/templates/dateien/veroeffentlichungen/hauptgutachten/jg2008/wbgu_jg2008_ex08.pdf}
}

@article{Institutinternationaldestatistique1887BulletinStatistique,
    title = {{Bulletin de l'Institut international de statistique}},
    year = {1887},
    author = {{Institut international de statistique}},
    pages = {212},
    url = {https://gallica.bnf.fr/ark:/12148/bpt6k61545s/f220.image.langEN}
}

@article{Verbraucherschutz2006BundeskleingartengesetzBKleingG,
    title = {{Bundeskleingartengesetz (BKleingG)}},
    year = {2006},
    author = {Verbraucherschutz, Bundesministeriums der Justiz und für},
    pages = {1--7},
    url = {https://www.gesetze-im-internet.de/bkleingg/BKleingG.pdf}
}

@article{CallMorgen,
    title = {{Call for ideas: Gute Ideen f{\"{u}}r die Stadt von Morgen}},
    doi = {10.1007/s00548-015-0375-z}
}

@article{GrewalCanFood,
    title = {{Can cities become self-reliant in food?}},
    author = {Grewal, Sharanbir S and Grewal, Parwinder S},
    url = {https://www.hb.edu/uploaded/Institute_for_21st_Century_Education/Sustainability/grewal-urban-food-prdctn-cities-aug11-1.pdf},
    doi = {10.1016/j.cities.2011.06.003},
    keywords = {Globalization, Local self-reliance, Post-industrial cities, Urban agriculture, Urban food production}
}

@article{Goddek2015ChallengesAquaponics,
    title = {{Challenges of sustainable and commercial aquaponics}},
    year = {2015},
    journal = {Sustainability (Switzerland)},
    author = {Goddek, Simon and Delaide, Boris and Mankasingh, Utra and Ragnarsdottir, Kristin Vala and Jijakli, Haissam and Thorarinsdottir, Ragnheidur},
    number = {4},
    pages = {4199--4224},
    volume = {7},
    isbn = {2071-1050},
    doi = {10.3390/su7044199},
    issn = {20711050},
    keywords = {Aquaponics, Hydroponics, Nutrient cycling, Nutrient solubilization, Pest management, Ph stabilization, Recirculating aquaculture systems (RAS), Urban farming, Water scarcity, phosphorus}
}

@book{Moustier2015CitiesAgriculture,
    title = {{Cities and Agriculture}},
    year = {2015},
    author = {Moustier, Paule and Renting, Henk},
    number = {August 2016},
    month = {9},
    publisher = {Routledge},
    url = {http://www.tandfebooks.com/isbn/9781315716312 https://www.taylorfrancis.com/books/9781315716312},
    isbn = {9781315716312},
    doi = {10.4324/9781315716312},
    issn = {00286087}
}

@misc{Def:Okologie,
    title = {{Def: Nachhaltige {\"{O}}kologie}},
    url = {https://wirtschaftslexikon.gabler.de/definition/oekologische-nachhaltigkeit-53450}
}

@misc{DefinitionWirtschaftslexikon,
    title = {{Definition »nachhaltige Entwicklung« im Gabler Wirtschaftslexikon}},
    url = {https://wirtschaftslexikon.gabler.de/definition/nachhaltige-entwicklung-40414}
}

@misc{DefinitionWirtschaftslexikonb,
    title = {{Definition »Nachhaltigkeit« im Gabler Wirtschaftslexikon}},
    url = {https://wirtschaftslexikon.gabler.de/definition/nachhaltigkeit-41203}
}

@misc{DefinitionWirtschaftslexikonc,
    title = {{Definition »{\"{O}}koeffizienz« im Gabler Wirtschaftslexikon}},
    url = {https://wirtschaftslexikon.gabler.de/definition/oekoeffizienz-52330}
}

@misc{DefinitionWirtschaftslexikond,
    title = {{Definition »{\"{o}}kologische Nachhaltigkeit« im Gabler Wirtschaftslexikon}},
    url = {https://wirtschaftslexikon.gabler.de/definition/oekologische-nachhaltigkeit-53450}
}

@misc{DefinitionWirtschaftslexikone,
    title = {{Definition »{\"{O}}kosystem« im Gabler Wirtschaftslexikon}},
    url = {https://wirtschaftslexikon.gabler.de/definition/oekosystem-46538}
}

@misc{HaasDefinitionWirtschaftslexikon,
    title = {{Definition »Stadt« im Gabler Wirtschaftslexikon}},
    author = {Haas, Prof. Dr. Hans-Dieter and Neumair, Dr. Simon-Martin},
    url = {https://wirtschaftslexikon.gabler.de/definition/stadt-43260/version-266591}
}

@phdthesis{Spring2012DerBasel-Stadt,
    title = {{Der Einfluss morderner Formen urbaner Landwirschaft auf die nachhaltige Entwicklung von Basel-Stadt}},
    year = {2012},
    author = {Spring, Tobias},
    url = {http://urbanagriculturebasel.ch/wp-content/uploads/2014/01/Spring-Tobias-2012.-Der-Einfluss-moderner-Formen-urbaner-Landwirtschaft-auf-die-nachhaltige-Entwicklung-von-Basel-Stadt.pdf},
    school = {Universit{\"{a}}t Basel},
    address = {Basel}
}

@techreport{MASSIMOMONTANARI1993DerEuropa,
    title = {{Der Hunger und der {\"{U}}berflu{\ss} Kulturgeschichte der Ern{\"{a}}hrung in Europa}},
    year = {1993},
    author = {{MASSIMO MONTANARI}},
    url = {http://library.mpib-berlin.mpg.de/toc/z2007_185.pdf},
    address = {M{\"{u}}nchen}
}

@book{Leberecht1926DeutscheBinnenkolonisation,
    title = {{Deutsche Binnenkolonisation}},
    year = {1926},
    author = {Leberecht, Migge}
}

@book{MeixnerDieErnahrung,
    title = {{Die Akzeptanz von Insekten in der Ern{\"{a}}hrung}},
    author = {Meixner, Oliver},
    url = {file:///C:/Users/laura/Desktop/Bachelorarbeit/2018_Book_DieAkzeptanzVonInsektenInDerEr.pdf},
    isbn = {9783658213350}
}

@techreport{MelanieLuders2014DieStadtentwicklung,
    title = {{Die Bedeutung des Urban Gardening f{\"{u}}r eine nachhaltige Stadtentwicklung}},
    year = {2014},
    author = {{Melanie L{\"{u}}ders}},
    url = {https://anstiftung.de/jdownloads/forschungsarbeiten_urbane_gaerten/lueders_nachhaltige_stadtentwicklung.pdf},
    address = {Konstanz}
}

@article{Sieg2016DieKuba,
    title = {{Die Gartenrevolution - Urban Gardening in Kuba}},
    year = {2016},
    author = {Sieg, Klaus},
    url = {https://www.bzfe.de/inhalt/die-gartenrevolution-urban-gardening-in-kuba-28524.html}
}

@techreport{BerdingWolf-DietrichBukowKarinCudakHrsgDieStadtgesellschaft,
    title = {{Die kompakte Stadt der Zukunft Auf dem Weg zu einer inklusiven und nachhaltigen Stadtgesellschaft}},
    author = {Berding Wolf-Dietrich Bukow Karin Cudak Hrsg, Nina},
    url = {https://link.springer.com/content/pdf/10.1007%2F978-3-658-18734-7.pdf}
}

@techreport{SchmidtDieVon,
    title = {{Die Rolle der urbanen Landwirtschaft in der Stadtentwicklung {\"{U}}bersicht und Umgang mit neuen Formen anhand von Fallbeispielen Vorgelegt von}},
    author = {Schmidt, Dirk},
    url = {https://tu-dresden.de/bu/umwelt/lfre/ressourcen/dateien/studium/Abschlussarbeiten/Masterarbeit_Urbane-Landwirtschaft_Dirk-Schmidt_OnlineVersion.pdf?lang=de}
}

@techreport{SchmidtDieVonb,
    title = {{Die Rolle der urbanen Landwirtschaft in der Stadtentwicklung {\"{U}}bersicht und Umgang mit neuen Formen anhand von Fallbeispielen Vorgelegt von}},
    author = {Schmidt, Dirk},
    url = {https://tu-dresden.de/bu/umwelt/lfre/ressourcen/dateien/studium/Abschlussarbeiten/Masterarbeit_Urbane-Landwirtschaft_Dirk-Schmidt_OnlineVersion.pdf?lang=de}
}

@article{Dr.ThomasPetersen2014DieLandlichkeit,
    title = {{Die Sehnsucht der Stadtbewohner nach L{\"{a}}ndlichkeit}},
    year = {2014},
    author = {{Dr. Thomas Petersen}},
    number = {162},
    url = {https://www.ifd-allensbach.de/uploads/tx_reportsndocs/FAZ_Juli_La__ndlichkeit.pdf}
}

@article{Egnolff2015DieIdeal,
    title = {{Die Sehnsucht Nach Dem Ideal}},
    year = {2015},
    author = {Egnolff, Mareike},
    url = {https://publikationen.sulb.uni-saarland.de/handle/20.500.11880/23712}
}

@techreport{BarThomasGradlerRobertMayrHrsgDigitalisierungRecht,
    title = {{Digitalisierung im Spannungsfeld von Politik, Wirtschaft, Wissenschaft und Recht}},
    author = {B{\"{a}}r Thomas Gr{\"{a}}dler Robert Mayr Hrsg, Christian},
    url = {https://link.springer.com/content/pdf/10.1007%2F978-3-662-55720-4.pdf}
}

@misc{DUDEN,
    title = {{DUDEN}},
    url = {https://www.duden.de/rechtschreibung/urban}
}

@article{2012DurchBrille,
    title = {{Durch Luhmanns Brille}},
    year = {2012},
    url = {www.springer-vs.de https://link.springer.com/content/pdf/10.1007%2F978-3-531-94084-7.pdf},
    isbn = {9783531179827},
    doi = {10.1007/978-3-531-94084-7}
}

@article{BundesministeriumfurErnahrungundLandwirtschaft2005DurchschnittlicherKopf,
    title = {{Durchschnittlicher Welt-Pro-Kopf-Verbrauch ausgew{\"{a}}hlter Erzeugnisse kg / pro Kopf}},
    year = {2005},
    author = {{Bundesministerium f{\"{u}}r Ern{\"{a}}hrung und Landwirtschaft}}
}

@techreport{JaggiErnahrungGlobalisierung,
    title = {{Ern{\"{a}}hrung, Nahrungsmittelm{\"{a}}rkte und Landwirtschaft {\"{O}}konomische Fragestellungen vor dem Hintergrund der Globalisierung}},
    author = {J{\"{a}}ggi, Christian J},
    url = {https://link.springer.com/content/pdf/10.1007%2F978-3-658-22269-7.pdf}
}

@article{Brunner2013ErnahrungsalltagNachhaltigkeit,
    title = {{Ern{\"{a}}hrungsalltag im Wandel Chancen f{\"{u}}r Nachhaltigkeit}},
    year = {2013},
    journal = {Journal of Chemical Information and Modeling},
    author = {Brunner, Karl-Michael and Geyer, Sonja and Jelenko, Marie and Weiss, Walpurga and Astleithner, Florentina},
    number = {9},
    volume = {53},
    url = {https://link.springer.com/content/pdf/10.1007%2F978-3-211-48606-1.pdf},
    isbn = {9788578110796},
    doi = {10.1017/CBO9781107415324.004},
    issn = {1098-6596},
    pmid = {25246403},
    arxivId = {arXiv:1011.1669v3}
}

@book{Escher2003EssenKultur,
    title = {{Essen und Trinken zwischen Ernährung, Kult und Kultur}},
    year = {2003},
    booktitle = {Z{\"{u}}rcher Hochschulforum},
    author = {Escher, Felix. and Eidgenössische Technische Hochschule (Zürich). Interdisziplinäre Vortragsreihe., Claus and Kongress (2001 : Zürich, ZH)},
    volume = {34},
    publisher = {Vdf Hochschulverlag AG an der ETH},
    url = {https://www.research-collection.ethz.ch:443/handle/20.500.11850/98743},
    isbn = {3728127973}
}

@article{SchmidEU-ProjektKMU-Projektpartnern,
    title = {{EU-Projekt SUPURBFOOD In Zusammenarbeit mit den KMU-Projektpartnern}},
    author = {Schmid, Otto and Jahrl, Ingrid and Moschitz, Heidrun and Z{\"{u}}rich Christian Gujer, Maschinenring and Suter, Martin},
    pages = {1--11},
    keywords = {24 akteuren aus den, bereiche, bereichen lokale, dazu wurden expertinnen-interviews mit, lebensmittelversorgung, massnahmen, multifunktionelle landnutzung, organischen abf{\"{a}}llen, politische rahmenbedingungen und politik-, ressourcenmanagement von n{\"{a}}hrstoffen, wasser und}
}

@misc{2008FAOSTAT,
    title = {{FAOSTAT}},
    year = {2008},
    url = {http://www.fao.org/faostat/en/#data}
}

@misc{Bormann2007FeuerOlympia,
    title = {{Feuer kurz vor antiker St{\"{a}}tte von Olympia}},
    year = {2007},
    author = {Bormann, Thomas},
    url = {https://tsarchive.wordpress.com/2007/08/26/meldung487798/}
}

@article{StatistischesBundesamt2010Flachenbelegung2010,
    title = {{Fl{\"{a}}chenbelegung von Ern{\"{a}}hrungsg{\"{u}}tern 2010}},
    year = {2010},
    journal = {Statistisches Bundesamt},
    author = {{Statistisches Bundesamt}},
    url = {www.destatis.de/kontakt},
    isbn = {5385101109},
    keywords = {Fl{\"{a}}chennutzung, Landwirtschaftsfl{\"{a}}chen, UGR, Umwelt{\"{o}}konomische Gesamtrechnungen}
}

@book{Bedford2017FoodMarkets,
    title = {{Food Outlook - Biannual Report On Global Food Markets}},
    year = {2017},
    booktitle = {Food and Agriculture Organization of the United Nations},
    author = {Bedford, David and Claro, Julie and Giusti, Anna Maria and Karumathy, Grace and Lucarelli, Lavinia and Mancini, David and Marocco, Emanuele and Milo, Marco and Yang, Di},
    number = {June},
    pages = {48--53},
    publisher = {FAO},
    url = {https://www.weltagrarbericht.de/fileadmin/files/weltagrarbericht/Weltagrarbericht/02Hunger/Outllok2018.pdf},
    isbn = {9789251097823},
    doi = {ISSN 1560-8182},
    arxivId = {ISSN 0251-1959}
}

@article{Howord1902GardenTomorrow,
    title = {{Garden Cities of Tomorrow}},
    year = {1902},
    journal = {SWAN SONNENSCHEIN {\&} CO., LTD.},
    author = {Howord, Ebenezer},
    pages = {195},
    url = {https://ia802606.us.archive.org/6/items/gardencitiestom00howagoog/gardencitiestom00howagoog.pdf}
}

@book{Halder2017GemeinsamKartierungen,
    title = {{Gemeinsam die H{\"{a}}nde dreckig machen: Aktionsforschungen im aktivistischen Kontext urbaner G{\"{a}}rten und kollektiver Kartierungen}},
    year = {2017},
    author = {Halder, Severin},
    isbn = {9783837645477},
    keywords = {Aktionsforschung, Aktivismus, action research, activism, activismo, cartograf{\'{i}}a cr{\'{i}}tica, critical cartography, ecolog{\'{i}}a pol{\'{i}}tica, educaci{\'{o}}n emancipatoria, emancipatory education, emanzipatorische Bildung, huertas urbanas, investigaci{\'{o}}n-acci{\'{o}}n, kritische Kartographie, political ecology, politische {\"{O}}kologie, urban agriculture, urbane G{\"{a}}rten}
}

@misc{Sieg2016GemuseDetroit,
    title = {{Gem{\"{u}}se statt Cadillac - Urban Gardening in Detroit}},
    year = {2016},
    author = {Sieg, Klaus},
    url = {https://www.bzfe.de/inhalt/gemuese-statt-cadillac-urban-gardening-in-detroit-27424.html}
}

@misc{AmtfurStatistikBerlin-Brandenburg2017GesamtflacheBerlin,
    title = {{Gesamtfl{\"{a}}che, Bev{\"{o}}lkerung von Berlin}},
    year = {2017},
    author = {{Amt f{\"{u}}r Statistik Berlin-Brandenburg}}
}

@misc{Spiekermann2000GesundeKulturwissenschaft,
    title = {{Gesunde Ern{\"{a}}hrung zwischen Natur- und Kulturwissenschaft}},
    year = {2000},
    author = {Spiekermann, Uwe},
    url = {https://link.springer.com/content/pdf/bfm%3A978-3-662-06702-4%2F1.pdf},
    address = {M{\"{u}}nster},
    isbn = {9783662067031},
    doi = {10.1007/978-3-662-06702-4}
}

@techreport{2017GLOBALDISCLAIMER,
    title = {{GLOBAL LAND OUTLOOK WORKING PAPER ENERGY AND LAND USE DISCLAIMER}},
    year = {2017},
    url = {http://iinas.org/tl_files/iinas/downloads/land/IINAS_2017_UNCCD-IRENA_Energy-Land_paper.pdf}
}

@misc{BMU2016GlobaleUmweltfolgen,
    title = {{Globale Bev{\"{o}}lkerungsentwicklung, Nahrungsmittelproduktion und Umweltfolgen}},
    year = {2016},
    author = {{BMU}},
    url = {https://www.umwelt-im-unterricht.de/hintergrund/globale-bevoelkerungsentwicklung-nahrungsmittelproduktion-und-umweltfolgen/}
}

@techreport{VonKoerber2008Globale-trends,
    title = {{Globale Ern{\"{a}}hrungsgewohnheiten und -trends}},
    year = {2008},
    author = {Von Koerber, Karl and Kretschmer, Jürgen and Prinz, Stefanie and Globale, :},
    url = {http://www.wbgu.de https://www.nachhaltigeernaehrung.de/fileadmin/Publikationen/WBGU-Expertise-ErnGewohnh-Koerber.pdf}
}

@article{Lehmacher2013GlobaleAntworten,
    title = {{Globale Herausforderungen und logistische Antworten}},
    year = {2013},
    author = {Lehmacher, W and Logistik, Wie and Pr{\"{a}}gt, Leben},
    url = {http://www.zeit.de/wissen/umwelt/2013-01/china-peking-smog.},
    doi = {10.1007/978-3-8349-4296-8{\_}2}
}

@article{VonKoerberGlobale1,
    title = {{Globale Nahrungssicherung f{\"{u}}r eine wachsende Weltbev{\"{o}}lkerung-Fl{\"{a}}chenbedarf und Klimarelevanz sich wandelnder Ern{\"{a}}hrungsgewohnheiten 1}},
    author = {Von Koerber, K and Kretschmer, J and Prinz, S and Dasch, E},
    url = {https://link.springer.com/content/pdf/10.1007%2Fs00003-009-0486-1.pdf},
    doi = {10.1007/s00003-009-0486-1}
}

@techreport{Fritsche2008GlobalesZu,
    title = {{Globales Emissions-Modell Integrierter Systeme (GEMIS) Handbuch zu}},
    year = {2008},
    author = {Fritsche, Uwe R and Schmidt, Klaus and Berlin, Büro},
    url = {www.gemis.de http://iinas.org/tl_files/iinas/downloads/GEMIS/2008_g45_handbuch.pdf},
    isbn = {0615181910}
}

@article{MendezMichelle2004GlobalizationNutrition,
    title = {{Globalization of food systems in developing countries: impact on food security and nutrition}},
    year = {2004},
    journal = {Journal of Development and Agricultural Economics},
    author = {Mendez, Michelle, Barry M Popkin}
}

@misc{BrockhausGrauwasser,
    title = {{Grauwasser}},
    author = {{Brockhaus}},
    url = {https://www.brockhaus.de/ecs/enzy/article/grauwasser}
}

@misc{FAO2010GrowingCities,
    title = {{Growing Greener Cities}},
    year = {2010},
    author = {{FAO}}
}

@book{FAO2014GrowingCaribbean,
    title = {{Growing Greener Cities in Latin America and the Caribbean}},
    year = {2014},
    booktitle = {Food and Agricultural Organization of the United Nations},
    author = {{FAO}},
    pages = {1--53},
    address = {Rome},
    isbn = {9789251082508},
    doi = {10.1017/CBO9781107415324.004},
    issn = {07380895},
    pmid = {25246403},
    arxivId = {arXiv:1011.1669v3}
}

@misc{Steiniger2015GrowingKam,
    title = {{Growing Underground: der Salat, der aus der Tiefe kam}},
    year = {2015},
    author = {Steiniger, Silvana},
    url = {https://reset.org/blog/growing-underground-der-salat-der-aus-der-tiefe-kam-07102015}
}

@techreport{MichelsenGrundlagenEntwicklung,
    title = {{Grundlagen einer nachhaltigen Entwicklung}},
    author = {Michelsen, Gerd and Adom{\ss}ent, Maik and Barth, Matthias and Bernert, Philip and Danner, Michael and Fischer, Daniel and Hetze, Katharina and Marwege, Robin and Otte, Insa and Rieckmann, Marco and Storck, Felix and Seitz, Nicola},
    url = {https://www.dbu.de/OPAC/ab/DBU-Abschlussbericht-AZ-30564-Studienbrief1.pdf}
}

@misc{PlantagonHistoryPlantagon,
    title = {{History - Plantagon}},
    author = {{Plantagon}},
    url = {http://www.plantagon.com/about/brand/history/}
}

@techreport{KondoHorticultureProduction,
    title = {{Horticulture Meets Automation in the Plant Factory-Robotization in Plant production}},
    author = {Kondo, Naoshi},
    url = {http://www.fieldrobotics.org/~ssingh/VF/Challenges_in_Vertical_Farming/Schedule_files/KONDO.pdf},
    address = {Kyoto}
}

@article{Rodiger2015HowReview,
    title = {{How are organic food prices affecting consumer behaviour? A review}},
    year = {2015},
    journal = {Food Quality and Preference},
    author = {R{\"{o}}diger, Manika and Hamm, Ulrich},
    month = {7},
    pages = {10--20},
    volume = {43},
    publisher = {Elsevier},
    url = {https://www.sciencedirect.com/science/article/abs/pii/S0950329315000336},
    doi = {10.1016/J.FOODQUAL.2015.02.002},
    issn = {0950-3293}
}

@article{FAO2009How2050,
    title = {{How to Feed the World in 2050}},
    year = {2009},
    author = {FAO, Food and Agriculture Organization of the United Nations},
    number = {1},
    pages = {1--35},
    url = {http://www.fao.org/fileadmin/templates/wsfs/docs/expert_paper/How_to_Feed_the_World_in_2050.pdf},
    isbn = {3465034295},
    doi = {10.1111/j.1728-4457.2009.00312.x},
    issn = {00987921},
    pmid = {11417047},
    arxivId = {arXiv:1011.1669v3}
}

@misc{IGCInternationalGrainsCouncil2018IGCIndex,
    title = {{IGC Grains and Oilseed Index}},
    year = {2018},
    author = {{IGC International Grains Council}},
    url = {https://www.igc.int/en/default.aspx}
}

@misc{Beinlich2016IndoorFarming,
    title = {{Indoor Farming}},
    year = {2016},
    author = {Beinlich, Georg},
    url = {https://www.br.de/br-fernsehen/sendungen/mehrwert/indoor-farming-landwirtschaft-100.html am 14.10.2018 um 20:30 Uhr}
}

@misc{Schmid2018LandwirtschaftStadt,
    title = {{Landwirtschaft in der Stadt}},
    year = {2018},
    author = {Schmid, Leonie}
}

@misc{BRINK2002LandwirtschaftsprogrammHannover,
    title = {{Landwirtschaftsprogramm Hannover}},
    year = {2002},
    booktitle = {Schriftenreihe kommunaler Umweltschutz},
    author = {BRINK, A},
    publisher = {Amt f{\"{u}}r Umweltschutz},
    address = {Hannover}
}

@misc{BundesinstitutfurBau-LaufendeRaumabgrenzungen,
    title = {{Laufende Stadtbeobachtung - Raumabgrenzungen}},
    author = {Bundesinstitut f{\"{u}}r Bau-, Stadt- und Raumforschung},
    url = {https://www.bbsr.bund.de/BBSR/DE/Raumbeobachtung/Raumabgrenzungen/StadtGemeindetyp/StadtGemeindetyp_node.html}
}

@article{Pulse2015LebenPragen,
    title = {{Leben in der Megastadt : Wie die gr{\"{o}}{\ss}ten St{\"{a}}dte der Welt unsere Zukunft pr{\"{a}}gen}},
    year = {2015},
    author = {Pulse, Allianz Risk},
    number = {November},
    url = {https://www.allianz.com/v_1448643925000/media/press/document/Allianz_Risk_Pulse_Megacitys_20151130-DE.pdf}
}

@misc{DudenLebensmittel,
    title = {{Lebensmittel}},
    author = {{Duden}},
    url = {https://www.duden.de/suchen/dudenonline/lebensmittel}
}

@book{Lehmacher2014LogistikZeitalter,
    title = {{Logistik im Zeichen der Urbanisierung: Versorgung von Stadt und Land im digitalen und mobilen Zeitalter}},
    year = {2014},
    author = {Lehmacher, Wolfgang},
    pages = {47},
    url = {https://books.google.de/books?id=k7qPBQAAQBAJ},
    isbn = {978-3-658-07774-7}
}

@book{2014Megacities,
    title = {{Megacities}},
    year = {2014},
    editor = {Kraas, Frauke and Aggarwal, Surinder and Coy, Martin and Mertins, Günter},
    publisher = {Springer Netherlands},
    url = {http://link.springer.com/10.1007/978-90-481-3417-5},
    address = {Dordrecht},
    isbn = {978-90-481-3416-8},
    doi = {10.1007/978-90-481-3417-5}
}

@article{Bohle2008MegacitiesVulnerability,
    title = {{Megacities - Resilience and Social Vulnerability}},
    year = {2008},
    journal = {Megacities Resilience and Social Vulnerability},
    author = {Bohle, Hans-Georg et. al},
    number = {10},
    pages = {73--81},
    url = {https://collections.unu.edu/eserv/UNU:1877/pdf4044.pdf},
    isbn = {9783939923121}
}

@misc{Bandsom2017MITERFOLG,
    title = {{MIT REGENW{\"{U}}RMERN ZUM ERFOLG}},
    year = {2017},
    author = {Bandsom, Kerstin},
    url = {https://www.welthungerhilfe.de/aktuelles/blog/kuba-urban-gardening}
}

@article{Martens2017NachhaltigHandeln,
    title = {{Nachhaltig wirtschaften ... auch ohne gute Vors{\"{a}}tze?-Urban Gardening als N{\"{a}}hrboden f{\"{u}}r nachhaltiges Handeln}},
    year = {2017},
    author = {Martens, Dörte and Artola, Miren},
    url = {https://link.springer.com/content/pdf/10.1007%2F978-3-658-16545-1_15.pdf},
    doi = {10.1007/978-3-658-16545-1{\_}15}
}

@misc{NachhaltigeBrockhaus.de,
    title = {{nachhaltige Entwicklung - Enzyklop{\"{a}}die - Brockhaus.de}},
    url = {https://www.brockhaus.de/ecs/enzy/article/nachhaltige-entwicklung}
}

@misc{Nachhaltigkeit,
    title = {{Nachhaltigkeit}},
    url = {https://www.brockhaus.de/ecs/enzy/article/nachhaltigkeit-forstwirtschaft}
}

@techreport{ZimmermannHrsgNachhaltigkeitWofur,
    title = {{Nachhaltigkeit wof{\"{u}}r?}},
    author = {Zimmermann Hrsg, Friedrich M},
    url = {https://link.springer.com/content/pdf/10.1007%2F978-3-662-48191-2.pdf}
}

@misc{Agrar0NahrungsmittelLandwirtschaft,
    title = {{Nahrungsmittel f{\"{u}}r die Welt: Herausforderung f{\"{u}}r die Landwirtschaft}},
    year = {0},
    author = {Agrar, IVA Industrieverband},
    url = {https://www.iva.de/moderne-landwirtschaft-sichere-versorgung-mit-hochwertigen-lebensmitteln/nahrungsmittel-fuer-die-welt-herausforderung}
}

@article{Spangenberg2010NatureMegacities,
    title = {{Nature in Megacities}},
    year = {2010},
    author = {Spangenberg, Jörg}
}

@article{Blidariu2011NcreasingAquaponics-Review,
    title = {{ncreasing the Economical Efficiency and Sustainability of Indoor Fish Farming by Means of Aquaponics-Review}},
    year = {2011},
    journal = {Animal Science and Biotechnologies,},
    author = {Blidariu, Flavius and Grozea, Adrian},
    number = {2},
    month = {6},
    pages = {1--8},
    volume = {44},
    url = {http://linkinghub.elsevier.com/retrieve/pii/0010465590901854},
    doi = {10.1016/0010-4655(90)90185-4},
    issn = {00104655},
    keywords = {aquaculture, aquaponics, hydroponics, organic products, ras, recirculating aquaculture systems}
}

@article{NoTitle,
    title = {{No Title}},
    doi = {https://doi.org/10.1016/j.foodqual.2015.02.002}
}

@techreport{CarlosTobisch2012OasenBrachflachen,
    title = {{Oasen im Beton Urban Gardening als Instrument zur Attraktivierung und Belebung von Brachfl{\"{a}}chen}},
    year = {2012},
    author = {Carlos Tobisch, Diplomarbeit},
    url = {http://www.urban-gardening.eu/wp-content/uploads/2013/11/oasen-im-beton_carlos-tobisch.pdf}
}

@misc{STADTENTWICKLUNG2010OffenerLandwirtschaft,
    title = {{Offener landschaftsplanerischer Wettbewerb Parklandschaft Gatow – Urbane Landwirtschaft}},
    year = {2010},
    author = {STADTENTWICKLUNG, SENATSVERWALTUNG FÜR},
    address = {Berlin}
}

@misc{OkoeffizienzBrockhaus.de,
    title = {{{\"{O}}koeffizienz - Enzyklop{\"{a}}die - Brockhaus.de}},
    url = {https://www.brockhaus.de/ecs/enzy/article/%C3%B6koeffizienz}
}

@techreport{SalingOkoeffizienz-AnalyseSEEBALANCE,
    title = {{{\"{O}}koeffizienz-Analyse Bewertung von Nachhaltigkeit mit der {\"{O}}koeffizienz-Analyse und SEEBALANCE{\textregistered}}},
    author = {Saling, Peter},
    url = {https://www.uni-potsdam.de/marketing_ls/dmdocuments/Praxis%20und%20Projekte/Vortraege/extern/20071109_basf.pdf}
}

@misc{OkologischeNachhaltigkeit-Gabler,
    title = {{{\"{O}}kologische Nachhaltigkeit-Gabler}},
    url = {https://wirtschaftslexikon.gabler.de/definition/oekologische-nachhaltigkeit-53450}
}

@article{Schaltegger1990OkologischeUnternehmung,
    title = {{{\"{O}}kologische Rationalit{\"{a}}t: Ansatzpunkte zur Ausgestaltung von {\"{o}}kologieorientierten Managementinstrumenten in "Die Unternehmung"}},
    year = {1990},
    author = {Schaltegger, Stefan & Andreas Sturm}
}

@techreport{Wirz2017Okologisierte2050,
    title = {{{\"{O}}kologisierte Landwirtschaft in Deutschland - 2050}},
    year = {2017},
    author = {Wirz, Axel and Kasperczyk, Nadja and Thomas, Frieder},
    url = {http://orgprints.org/31103/1/FiBL_GP_Landwirtschaft_2050.pdf}
}

@misc{BrockhausOkosystem,
    title = {{{\"{O}}kosystem}},
    author = {{Brockhaus}},
    url = {https://www.brockhaus.de/ecs/enzy/article/ökosystem}
}

@misc{Okosystem,
    title = {{{\"{O}}kosystem}},
    url = {https://www.brockhaus.de/ecs/enzy/article/%C3%B6kosystem}
}

@article{Makiewicz2017PhaseCosmology,
    title = {{Phase space formulation of quantum mechanics and quantum cosmology}},
    year = {2017},
    author = {Ma{\l}kiewicz, Przemysław and Miroszewski, Artur and Bergeron, Hervé},
    pages = {19--39},
    url = {http://arxiv.org/abs/1712.04813},
    isbn = {978-3-662-44838-0},
    doi = {10.1007/978-3-662-44839-7},
    arxivId = {1712.04813}
}

@article{2011Pro-Kopf-VerbrauchKopf,
    title = {{Pro-Kopf-Verbrauch ausgew{\"{a}}hlter Erzeugnisse und L{\"{a}}nder 2011 kg / Kopf}},
    year = {2011},
    pages = {2011}
}

@misc{LandwirtschaftskammerProjektLandwirtschaft,
    title = {{Projekt „Zukunftsforum Urbane Landwirtschaft“}},
    author = {{Landwirtschaftskammer}},
    url = {https://www.landwirtschaftskammer.de/landwirtschaft/landentwicklung/urban/urbane-landwirtschaft.htm}
}

@techreport{RechercheNatur,
    title = {{Recherche Lebensgrundlage Natur}},
    url = {http://www.darwin2009.cam.ac.uk/ https://www.ufz.de/export/data/462/190988_PN_Kapitel_07_Recherche_Lebensgrundlage_Natur.pdf}
}

@article{TysonV.2007ReconcilingMedium,
    title = {{Reconciling pH for ammonia biofiltration in a cucumber / tilapia aquaponic system using a perlite medium}},
    year = {2007},
    journal = {University of Florida},
    author = {Tyson V., Richard},
    pages = {120},
    isbn = {9788578110796},
    doi = {10.1017/CBO9781107415324.004},
    issn = {1098-6596},
    pmid = {25246403},
    arxivId = {arXiv:1011.1669v3},
    keywords = {icle}
}

@techreport{Resource-EfficientIndicators,
    title = {{Resource-Efficient Land Use-Towards A Global Sustainable Land Use Standard Global Sustainable Land Use: Concept and Examples for Systemic Indicators Global Sustainable Land Use: Concept and Examples for Systemic Indicators}},
    url = {http://iinas.org/tl_files/iinas/downloads/land/IINAS_2014_GLOBALANDS_WP_33_Systemic-Indicators.pdf}
}

@techreport{FritscheRessourceneffizienteGLOBALANDS,
    title = {{Ressourceneffiziente Landnutzung -Wege zu einem Global Sustainable Land Use Standard (GLOBALANDS)}},
    author = {Fritsche, Uwe R and Eppler, Ulrike and Iriarte, Leire and Laaks, Sabine and Wunder, Stepanie and Kaphengst, Timo and Wolff, Franziska and Heyen, Dirk and Lutzenberger, Alexa},
    url = {https://www.umweltbundesamt.de/sites/default/files/medien/378/publikationen/texte_82_2015_kurz_ressourceneffiziente_landnutzung.pdf}
}

@article{Mertins2009RiskiertSelbst,
    title = {{Riskiert die Megastadt sich selbst?}},
    year = {2009},
    journal = {Politische {\{}{\"{O}}{\}}kologie},
    author = {Mertins, G},
    number = {114},
    pages = {12--15},
    volume = {27},
    url = {http://ernaehrungsdenkwerkstatt.de/fileadmin/user_upload/EDWText/TextElemente/Oekologie-Umwelt/Megacities_Politische_OEkologie__114_2008.pdf},
    keywords = {Risiko{\_}risk, Urbanisierung{\_}urbanization, Verwundbarkeit{\_}vulnerability}
}

@misc{BrockhausSchwarzwasser,
    title = {{Schwarzwasser}},
    author = {{Brockhaus}},
    url = {https://www.brockhaus.de/ecs/enzy/article/schwarzwasser}
}

@article{Sikorska2015SharingLeben,
    title = {{Sharing Economy – Shareable City – Smartes Leben}},
    year = {2015},
    author = {Sikorska, O and Grizelj, F and Sikorska, Olena and Grizelj, Filip},
    pages = {23},
    url = {https://link.springer.com/content/pdf/10.1365%2Fs40702-015-0151-3.pdf},
    doi = {10.1365/s40702-015-0151-3}
}

@article{Stajano2003SIMPLIFIEDEcuador,
    title = {{SIMPLIFIED HYDROPONICS: Improvement of food security and nutrition to children aged 0 to 6, a case study from Ecuador}},
    year = {2003},
    journal = {Simplified Hydroponics in Ecuador},
    author = {Stajano, Martin Caldeyro and Cajamarca, Ivonne and Erazo, Juan and Aucatoma, Tamara and Izquiero, Juan},
    volume = {71},
    url = {http://www.fao.org/tempref/GI/Reserved/FTP_FaoRlc/old/prior/segalim/prodalim/prodveg/biotecu2.pdf%0Ahttp://www.hydroponics.com.au/issue-71-simplified-hydroponics-in-ecuador/}
}

@misc{SkyGreens,
    title = {{Sky Greens}},
    url = {http://www.skygreens.com/}
}

@article{Germer2011SkyfarmingSecurity,
    title = {{Skyfarming an ecological innovation to enhance global food security}},
    year = {2011},
    journal = {J. Verbr. Lebensm},
    author = {Germer, Jörn and Sauerborn, Joachim and Asch, Folkard and De Boer, Jan and Schreiber, Jürgen and Gerd, • and •, Weber and M{\"{u}}ller, Joachim and Germer, J and Sauerborn, J and Asch, Á F and De Boer, J and Schreiber, J and Weber, G and M{\"{u}}ller, J},
    pages = {237--251},
    volume = {6},
    url = {https://link.springer.com/content/pdf/10.1007%2Fs00003-011-0691-6.pdf},
    doi = {10.1007/s00003-011-0691-6},
    keywords = {Aeroponics, Climate change, Crop production, Food security, Population growth, Rice, Staple food, Vertical farming}
}

@techreport{StokmanSn,
    title = {{sn}},
    author = {Stokman, Ing Antje and Jessen, Johann},
    url = {https://anstiftung.de/jdownloads/forschungsarbeiten_urbane_gaerten/raw_essbar_-_edible_raw.pdf}
}

@article{Schafers2016SozialgeschichteSoziologie,
    title = {{Sozialgeschichte der Soziologie}},
    year = {2016},
    author = {Sch{\"{a}}fers, Bernhard},
    keywords = {Deutschland, Germany (East) Economic conditions Congresses, Germany (East) History, Germany (East) Social conditions Congresses, Sozialgeschichte}
}

@misc{BrockhausStadt,
    title = {{Stadt}},
    author = {{Brockhaus}},
    url = {https://brockhaus.de/ecs/enzy/article/stadt}
}

@article{AntjeFlade2015StadtStadtforschung,
    title = {{Stadt und Gesellschaft im Fokus aktueller Stadtforschung}},
    year = {2015},
    author = {{Antje Flade}},
    url = {https://link.springer.com/content/pdf/10.1007%2F978-3-658-07384-8.pdf},
    isbn = {9783658073831},
    doi = {10.1007/978-3-658-07384-8}
}

@article{Stierand2008StadtLebensmittel,
    title = {{Stadt und Lebensmittel}},
    year = {2008},
    author = {Stierand, Philip},
    number = {August},
    pages = {253},
    url = {https://speiseraeume.de/downloads/SPR_Dissertation_Stierand.pdf}
}

@techreport{StadtischeFarming,
    title = {{St{\"{a}}dtische Landwirtschaft der Zukunft. Innovations-und Technikanalyse Zero Acreage Farming}},
    url = {http://www.zalf.de/htmlsites/zfarm/Documents/flyer/Projektflyer.pdf}
}

@article{Lohrberg2001StadtnaheFreiraumplanung,
    title = {{Stadtnahe Landwirtschaft in der Stadt- und Freiraumplanung}},
    year = {2001},
    journal = {WechselWirkungen Jahrbuch 2001},
    author = {Lohrberg, Frank},
    pages = {16--25},
    volume = {3},
    url = {https://elib.uni-stuttgart.de/bitstream/11682/31/2/part_2.pdf https://elib.uni-stuttgart.de/bitstream/11682/31/1/part_1.pdf},
    keywords = {Germany, urban agriculture}
}

@book{Breuste2016Stadtokosysteme,
    title = {{Stadt{\"{o}}kosysteme}},
    year = {2016},
    author = {Breuste, Jürgen and Pauleit, Stephan and Haase, Dagmar and Sauerwein, Martin},
    publisher = {Springer Berlin Heidelberg},
    url = {https://link.springer.com/content/pdf/10.1007%2F978-3-642-55434-6.pdf http://link.springer.com/10.1007/978-3-642-55434-6},
    address = {Berlin, Heidelberg},
    isbn = {978-3-642-55433-9},
    doi = {10.1007/978-3-642-55434-6}
}

@techreport{MeixnerStudienKonsumentensicht,
    title = {{Studien zum Marketing nat{\"{u}}rlicher Ressourcen Die Akzeptanz von Insekten in der Ern{\"{a}}hrung Eine Studie zur Vermarktung von Insekten als Lebensmittel aus Konsumentensicht}},
    author = {Meixner, Oliver and M{\"{o}}rl Von Pfalzen, Leonhard},
    url = {https://link.springer.com/content/pdf/10.1007%2F978-3-658-21336-7.pdf}
}

@misc{DavidHugendick2011SubversionKompost,
    title = {{Subversion auf dem Kompost}},
    year = {2011},
    author = {{David Hugendick}},
    url = {https://www.zeit.de/lebensart/2011-05/gardening-glosse}
}

@misc{Sud-Sud-KooperationBrockhaus.de,
    title = {{S{\"{u}}d-S{\"{u}}d-Kooperation - Enzyklop{\"{a}}die - Brockhaus.de}},
    url = {https://www.brockhaus.de/ecs/enzy/article/sud-sud-kooperation}
}

@article{Turcios2014SustainableFuture,
    title = {{Sustainable Treatment of Aquaculture Effluents—What Can We Learn from the Past for the Future?}},
    year = {2014},
    journal = {Sustainability},
    author = {Turcios, Ariel and Papenbrock, Jutta},
    number = {2},
    month = {2},
    pages = {836--856},
    volume = {6},
    url = {http://www.mdpi.com/2071-1050/6/2/836},
    doi = {10.3390/su6020836},
    issn = {2071-1050}
}

@misc{UnitedNations2005Table2005,
    title = {{Table 6 – Demographic Yearbook 2005}},
    year = {2005},
    author = {{United Nations}},
    url = {http://unstats.un.org/unsd/demographic/products/dyb/dyb2005/notestab06.pdf}
}

@techreport{Tagungsbericht_urbane_agrikultur.pdf,
    title = {{tagungsbericht{\_}urbane{\_}agrikultur.pdf}},
    url = {www.ernaehrung-im-fokus.de https://www.bzfe.de/_data/files/eif_2013_12_os_tagungsbericht_urbane_agrikultur.pdf}
}

@misc{2018TechnoFarm,
    title = {{Techno Farm}},
    year = {2018},
    url = {http://technofarm.com/en/}
}

@book{Heasman1958-2001TheProfits,
    title = {{The functional foods revolution : healthy people, healthy profits?}},
    year = {2001},
    author = {Heasman  1958-, Michael and Mellentin, Julian.},
    publisher = {London : Earthscan},
    url = {http://lib.ugent.be/catalog/rug01:001487466},
    isbn = {1853836877},
    language = {eng}
}

@article{Nugent2000TheEconomies,
    title = {{The impact of urban agriculture on the household and local economies}},
    year = {2000},
    journal = {Growing cities, growing food: Urban agriculture on the {\ldots}},
    author = {Nugent, Rachel},
    pages = {67--97},
    url = {http://wentfishing.net/farmlit/Theme3.pdf},
    isbn = {3-934068-25-1},
    doi = {10.1007/s10750-007-0759-6},
    issn = {00188158},
    pmid = {25245512}
}

@article{Sharma2014TheImpacts,
    title = {{The Need for Feed: China's Demand for Industrialized Meat and Its Impacts}},
    year = {2014},
    journal = {Global Meat Complex: The China Series},
    author = {Sharma, Shefali},
    number = {February}
}

@misc{TheLLC,
    title = {{The Plant — Bubbly Dynamics LLC}},
    url = {https://www.bubblydynamics.com/the-plant/}
}

@article{Despommier2009TheFarms,
    title = {{The Rise of Vertical Farms}},
    year = {2009},
    journal = {Scientific American},
    author = {Despommier, Dickson},
    number = {5},
    month = {11},
    pages = {80--87},
    volume = {301},
    url = {http://www.nature.com/doifinder/10.1038/scientificamerican1109-80},
    doi = {10.1038/scientificamerican1109-80},
    issn = {0036-8733}
}

@misc{FoodandAgricultureOrganizationoftheUnitedNations2006The2006,
    title = {{The State of Food Insecurity in the World 2006}},
    year = {2006},
    author = {{Food and Agriculture Organization of the United Nations}},
    number = {1},
    url = {http://www.fao.org/3/a-a0750e.pdf},
    address = {Rome},
    isbn = {9789251079164}
}

@article{Anneroth2012TheMegacities,
    title = {{The three ages of megacities}},
    year = {2012},
    author = {Anneroth, Mikael and H{\"{a}}gglund, Caroline and Nyberg, Marcus},
    url = {https://www.ericsson.com/assets/local/news/2012/8/ns_megacities_report_4.pdf}
}

@misc{2012TheEssay,
    title = {{The Vertical Essay}},
    year = {2012},
    url = {http://www.verticalfarm.com/?page_id=36}
}

@article{Al-Kodmany2018TheCity,
    title = {{The Vertical Farm: A Review of Developments and Implications for the Vertical City}},
    year = {2018},
    author = {Al-Kodmany, Kheir},
    url = {https://www.researchgate.net/publication/322938761_The_Vertical_Farm_A_Review_of_D}
}

@article{Despommier2010TheCentury.,
    title = {{The vertical farm: Feeding the world in the 21st century.}},
    year = {2010},
    journal = {Thomas Dunne Books/St. Martin’s Press.},
    author = {Despommier, Dickson},
    editor = {Press., St. Martin's},
    volume = {2nd ed},
    publisher = {Thomas Dunne Books},
    address = {New York}
}

@book{UnitedNations2016The2016,
    title = {{The World’s Cities in 2016}},
    year = {2016},
    booktitle = {Economic and Social Affair},
    author = {United Nations, Department and of Economic and Social Affairs, Population Division},
    month = {9},
    pages = {29},
    series = {Statistical Papers - United Nations (Ser. A), Population and Vital Statistics Report},
    publisher = {UN},
    url = {http://www.un.org/en/development/desa/population/publications/pdf/urbanization/the_worlds_cities_in_2016_data_booklet.pdf https://www.un-ilibrary.org/population-and-demography/the-world-s-cities-in-2016_8519891f-en},
    isbn = {9789213620007},
    doi = {10.18356/8519891f-en}
}

@misc{UmweltbelastungenUmweltbundesamt,
    title = {{Umweltbelastungen der Landwirtschaft | Umweltbundesamt}},
    url = {https://www.umweltbundesamt.de/themen/boden-landwirtschaft/umweltbelastungen-der-landwirtschaft}
}

@article{MathisWackernagelUnserNimmt,
    title = {{Unser {\"{o}}kologischer Fu{\ss}abdruck, Wie der Mensch Einflu{\ss} auf die Umwelt nimmt}},
    author = {Mathis Wackernagel, William Rees},
    doi = {https://doi.org/10.1007/978-3-0348-6107-6}
}

@techreport{Coenen2000UntersuchungWeiterentwicklung,
    title = {{Untersuchung zu einem integrativen Konzept nachhaltiger Entwicklung: Bestandsaufnahme, Problemanalyse, Weiterentwicklung}},
    year = {2000},
    author = {Coenen, R and Paschen, H and Karlsruhe, Forschungszentrum},
    url = {https://www.itas.kit.edu/downloads/projekt/projekt_grun99_gze_Vorstudie_Abschlussbericht_Ueberblick.pdf},
    institution = {Institut f{\"{u}}r Technikfolgenabsch{\"{a}}tzung und Systemanalyse (ITAS)},
    address = {Karlsruhe}
}

@misc{Duden2018Urban,
    title = {{Urban}},
    year = {2018},
    author = {{Duden}},
    url = {https://www.duden.de/rechtschreibung/urban}
}

@misc{Smit2001UrbanToday,
    title = {{Urban Agriculture Food, Jobs and Sustainable Cities 2001 Edition Chapter 2 Urban Agriculture Yesterday and Today}},
    year = {2001},
    author = {Smit, Jac and Nasr, Joe and Ratta, Annu},
    publisher = {The Urban Agriculture Network, Inc.},
    url = {http://jacsmit.com/book/Chap02.pdf}
}

@article{Specht2014UrbanBuildings,
    title = {{Urban agriculture of the future: An overview of sustainability aspects of food production in and on buildings}},
    year = {2014},
    journal = {Agriculture and Human Values},
    author = {Specht, Kathrin and Siebert, Rosemarie and Hartmann, Ina and Freisinger, Ulf B. and Sawicka, Magdalena and Werner, Armin and Thomaier, Susanne and Henckel, Dietrich and Walk, Heike and Dierich, Axel},
    number = {1},
    pages = {33--51},
    volume = {31},
    isbn = {0889-048X},
    doi = {10.1007/s10460-013-9448-4},
    issn = {15728366},
    pmid = {22669305},
    keywords = {Food system, Integrated building, Multifunctional landscape, Rooftop greenhouse, Sustainability, Urban innovation, ZFarming, Zero acreage}
}

@article{Zezza2010UrbanCountries,
    title = {{Urban agriculture, poverty, and food security: Empirical evidence from a sample of developing countries}},
    year = {2010},
    journal = {Food Policy},
    author = {Zezza, Alberto and Tasciotti, Luca},
    number = {4},
    pages = {265--273},
    volume = {35},
    publisher = {Elsevier Ltd},
    url = {http://dx.doi.org/10.1016/j.foodpol.2010.04.007},
    isbn = {0306-9192, 0306-9192},
    doi = {10.1016/j.foodpol.2010.04.007},
    issn = {03069192},
    pmid = {609973560},
    keywords = {Food security, Household surveys, Nutrition, Poverty, Urban agriculture}
}

@techreport{VonJezler2014UrbanLuzern,
    title = {{Urban Gardening in der Stadt Luzern}},
    year = {2014},
    author = {Von Jezler, Bachelorarbeit and Bachelorstudiengang, Annekathrin and Vertiefungsrichtung, Umweltingenieurwesen and Gartenbau, Urbaner and Hodgson, Hagen and Zhaw, Petra and Schmid, Thomas},
    url = {http://urbanagriculturebasel.ch/wp-content/uploads/2015/02/Bachelorarbeit-Jezler-Annekatrhin_Urban-Gardening-in-der-Stadt-Luzern.pdf}
}

@misc{Kolokouris2015URBANPROTEST,
    title = {{URBAN GARDENING IN GREECE – A NEW FORM OF PROTEST}},
    year = {2015},
    author = {Kolokouris, Orestes},
    url = {https://www.greeneuropeanjournal.eu/urban-gardening-in-greece-a-new-form-of-protest/}
}

@techreport{ZurStadtentwicklungUrbanBibliotheken,
    title = {{Urban Gardening und Makerspaces als neues Arbeitsfeld {\"{O}}ffentlicher Bibliotheken}},
    author = {Zur Stadtentwicklung, Beitrag},
    keywords = {Makerspace, Schlagworte: Urban Gardening, Stadtentwicklung, gr{\"{u}}ne Bibliothek}
}

@book{Biedermann2017UrbanStadtentwicklung,
    title = {{Urban Gardening und Stadtentwicklung}},
    year = {2017},
    author = {Biedermann, Amrei and Ripperger, Anna-lena},
    url = {https://link.springer.com/book/10.1007%2F978-3-658-18698-2},
    isbn = {9783658186975}
}

@techreport{MullerUrbanStadt,
    title = {{Urban Gardening. {\"{U}}ber die R{\"{u}}ckkehr der G{\"{a}}rten in die Stadt}},
    author = {M{\"{u}}ller, Christa},
    url = {https://anstiftung.de/images/jdownloads/sonstige/urban_gardening.pdf}
}

@article{Moustier2007UrbanSupplier,
    title = {{Urban horticulture in Africa and Asia, an efficient corner food supplier}},
    year = {2007},
    journal = {Acta Horticulturae},
    author = {Moustier, Paule},
    pages = {145--158},
    volume = {762},
    isbn = {978-90-6605-700-5},
    doi = {10.17660/ActaHortic.2007.762.15},
    issn = {05677572},
    keywords = {Africa, Asia, Food supply, Horticulture, Urbanisation}
}

@misc{DilipNandwaniUrbanBooks,
    title = {{Urban Horticulture: Sustainability for the Future - Google Books}},
    author = {{Dilip Nandwani}},
    url = {https://books.google.de/books?id=7ERbDwAAQBAJ&pg=PA27&lpg=PA27&dq=The+vertical+farm:+Feeding+the+world+in+the+21st+Century+springer&source=bl&ots=tNBXdzSvJU&sig=GmHnrfDBRJpdAxzxJVEVAGucwBI&hl=de&sa=X&ved=2ahUKEwiHmtzciq_eAhVokosKHeHHD5YQ6AEwDXoECAIQAQ#v=o}
}

@article{Siebert2014UrbaneStadt,
    title = {{Urbane Landwirtschaft und das Recht auf Stadt}},
    year = {2014},
    author = {Siebert, Anne and Reflektion, Theoretische},
    number = {July},
    volume = {2},
    isbn = {9783666300592},
    doi = {10.13109/9783666300592.153}
}

@techreport{Schulz2013UrbaneLandmanagements,
    title = {{Urbane Landwirtschaft und Green Production als Teil eines nachhaltigen Landmanagements}},
    year = {2013},
    author = {Schulz, K and Weith, Th and Bokelmann, W & and Petzke, N},
    url = {http://modul-b.nachhaltiges-landmanagement.de/fileadmin/user_upload/Dokumente/Diskussionspapiere/Schulz2013_Urbane_Landwirtschaft.pdf}
}

@article{Berges2014UrbaneStadt,
    title = {{Urbane Landwirtschaft: Innovationsfelder f{\"{u}}r die nachhaltige Stadt?}},
    year = {2014},
    journal = {Schrumpfende St{\"{a}}dte. Band 1 Internationale Untersuchung},
    author = {Berges, R. and Optiz, I. and Piorr, A. and Krikser, T. and Bruszewska, K. and Specht, K. and Henneberg, C.},
    number = {December},
    url = {http://project2.zalf.de/innsula/downloads/Berges et al 2014 Urbane Landwirtschaft – Innovationsfelder für die nachhaltige Stadt.pdf}
}

@article{Stierand2016UrbaneErnahrungspolitik,
    title = {{Urbane Wege zur nachhaltigen Lebensmittelversorgung - Potentiale und Instrumente kommunaler Ern{\"{a}}hrungspolitik}},
    year = {2016},
    journal = {Regional, innovativ und gesund - Nachhaltige Ern{\"{a}}hrung als Teil der Gro{\ss}en Transformation},
    author = {Stierand, Philipp},
    number = {September},
    pages = {117--135},
    isbn = {9783525300787},
    doi = {10.13109/9783666300592.117}
}

@techreport{UmweltbundesamtUrbanerUmweltschutz,
    title = {{Urbaner Umweltschutz}},
    author = {Umweltbundesamt, Arbeitsgruppe Urbaner Umweltschutz},
    url = {https://www.umweltbundesamt.de/sites/default/files/medien/421/publikationen/broschuere_urbaner_umweltschutz_final.pdf},
    address = {Berlin}
}

@book{Manske-Wang2016UrbanisierungChina,
    title = {{Urbanisierung und Energieversorgung der Megast{\"{a}}dte in China}},
    year = {2016},
    author = {Manske-Wang, Wei},
    publisher = {Springer Fachmedien Wiesbaden},
    url = {www.springer.com http://link.springer.com/10.1007/978-3-658-11789-4},
    address = {Wiesbaden},
    isbn = {978-3-658-11788-7},
    doi = {10.1007/978-3-658-11789-4}
}

@article{2015Urbanisierung-MegachanceSackgasse,
    title = {{Urbanisierung-Megachance oder Sackgasse?}},
    year = {2015},
    url = {http://www.pwc.de/de/transport-und-logistik/Megacities-eine-logistische-herausforde-},
    doi = {10.1007/978-3-658-07774-7{\_}2}
}

@misc{BrockhausVersorgungWirtschaft,
    title = {{Versorgung (Wirtschaft)}},
    author = {{Brockhaus}},
    url = {https://www.brockhaus.de/ecs/enzy/article/versorgung-wirtschaft}
}

@techreport{PeterMollerVoss2013VerticalRise,
    title = {{Vertical Farming: An agricultural revolution on the rise}},
    year = {2013},
    author = {{Peter M{\"{o}}ller Voss}},
    url = {http://hh.diva-portal.org/smash/get/diva2:628988/FULLTEXT01.pdf},
    address = {Halmstad}
}

@article{SwiacznyWachstumTragfahigkeit,
    title = {{Wachstum der Weltbev{\"{o}}lkerung und nachhaltige Tragf{\"{a}}higkeit}},
    author = {Swiaczny, F and Schulz Bundesinstitut F{\"{u}}r Bev{\"{o}}lkerungsforschung, R and Korrespondenz, Wiesbaden and Swiaczny, Frank and Schulz, Bzw Reiner},
    url = {http://www.footprintnetwork.org https://link.springer.com/content/pdf/10.1007%2Fs00003-009-0477-2.pdf},
    doi = {10.1007/s00003-009-0477-2}
}

@techreport{WissenschaftlicherBeirat2009WeltLandnutzung,
    title = {{Welt im Wandel, Bioenergie und nachhaltige Landnutzung Zukunftsf{\"{a}}hige Bioenergie und nachhaltige Landnutzung}},
    year = {2009},
    author = {{Wissenschaftlicher Beirat} and {der Bundesregierung} and {Globale} and {Umweltver{\"{a}}nderungen}},
    url = {https://www.wbgu.de/fileadmin/user_upload/wbgu.de/templates/dateien/veroeffentlichungen/hauptgutachten/jg2008/wbgu_jg2008.pdf}
}

@article{SchneiderWelthungerhilfe2009WelternahrungKlimawandel,
    title = {{Weltern{\"{a}}hrung sichern im Klimawandel}},
    year = {2009},
    journal = {J. Verbr. Lebensm},
    author = {Schneider Welthungerhilfe, R and Korrespondenz an, Bonn and nat Rafa{\"{e}}l Schneider, Rer},
    pages = {39--43},
    volume = {4},
    url = {https://link.springer.com/content/pdf/10.1007%2Fs00003-009-0429-x.pdf},
    doi = {10.1007/s00003-009-0429-x}
}

@misc{Blanckenburg1987WelternahrungZukunft,
    title = {{Weltern{\"{a}}hrung —Gegenwartsprobleme und Strategien f{\"{u}}r die Zukunft}},
    year = {1987},
    author = {Blanckenburg, P. von},
    address = {M{\"{u}}nchen},
    doi = {https://doi.org/10.1002/food.19870310928}
}

@misc{PlantChicagoWhatChicago,
    title = {{What is {\&}quot;The Plant{\&}quot;? | Plant Chicago}},
    author = {{Plant Chicago}},
    url = {http://plantchicago.org/2016/02/12/what-is-the-plant/}
}

@misc{DeutscheGesellschaftfurErnahrunge.V.2015WieMensch,
    title = {{Wie viel Energie braucht der Mensch?}},
    year = {2015},
    author = {{Deutsche Gesellschaft f{\"{u}}r Ern{\"{a}}hrung e.V.}}
}

@misc{Nette2014WievielMensch,
    title = {{Wieviel Erde braucht der Mensch?}},
    year = {2014},
    author = {Nette, Svenja},
    url = {https://oya-online.de/article/read/1281-wieviel_erde_braucht_der_mensch.html#}
}

@techreport{Coyle2017WillReach,
    title = {{Will Consumers Find Vertically Farmed Produce „Out of Reach”?}},
    year = {2017},
    author = {Coyle, Bradford D and Ellison, Brenna},
    number = {1},
    volume = {32},
    url = {http://www.choicesmagazine.org/UserFiles/file/cmsarticle_567.pdf}
}

@misc{StefanGiljum2007WissenschaftlicheFuabdruck,
    title = {{Wissenschaftliche Untersuchung und Bewertung des Indikators, {\"{O}}kologischer Fu{\ss}abdruck}},
    year = {2007},
    author = {Stefan Giljum, Mark Hammer and Andrea Stocker, Maria Lackner},
    publisher = {Umweltbundesamt},
    url = {https://www.resource-recovery.net/en/system/files/uba_okologischer_fussabdruck_2007.pdf},
    address = {Wien, Berlin, Oxford}
}

@misc{UNNEWSCENTRE2014WithAffairs,
    title = {{With urban population set to soar, UN convenes major event on sustainable cities | UN DESA | United Nations Department of Economic and Social Affairs}},
    year = {2014},
    author = {{UN NEWS CENTRE}},
    url = {http://www.un.org/en/development/desa/news/ecosoc/ecosoc-integration-segment.html}
}

@techreport{Alexandratos2012WorldRevision,
    title = {{World Agriculture towards 2030/2050: the 2012 revision}},
    year = {2012},
    booktitle = {WORLD AGRICULTURE},
    author = {Alexandratos, Nikos and Bruinsma, Jelle},
    url = {www.fao.org/economic/esa}
}

@techreport{FAO2006World2030/2050,
    title = {{World agriculture: towards 2030/2050}},
    year = {2006},
    author = {FAO, Food and Agriculture Organization of the United Nations},
    url = {http://www.fao.org/fileadmin/user_upload/esag/docs/Interim_report_AT2050web.pdf},
    address = {Rome}
}

@misc{PlantagonWorldYouTube,
    title = {{World Food Building - YouTube}},
    author = {{Plantagon}},
    url = {https://www.youtube.com/watch?time_continue=452&v=95i-AV39VSk}
}

@article{UnitedNationsDepartmentofEconomicandSocialAffairs2017World2017,
    title = {{World Population Prospects - 2017}},
    year = {2017},
    journal = {World Population Prospects - The 2017 revision},
    author = {United Nations, Department of Economic and Social Affairs, Population Division},
    pages = {1--377},
    volume = {I},
    url = {https://esa.un.org/unpd/wpp/Publications/Files/WPP2017_Volume-I_Comprehensive-Tables.pdf},
    isbn = {9789211515046},
    doi = {No. ESA/P/WP.228},
    issn = {1098-6596},
    pmid = {25246403},
    arxivId = {arXiv:1011.1669v3}
}

@book{UN2015WorldProspects,
    title = {{World Urbanization Prospects}},
    year = {2015},
    author = {{UN}},
    pages = {517},
    isbn = {9789211515176}
}

@misc{UnitedNationsDESA2018WorldRevision,
    title = {{World Urbanization Prospects: The 2018 Revision}},
    year = {2018},
    author = {United Nations DESA, Population Division}
}

@techreport{VerbundvorhabenZukunftsforumRuhramp,
    title = {{Zukunftsforum Urbane Landwirtschaft {\&}amp; KuLaRuhr-nachhaltige urbane Kulturlandschaft in der Metropole Ruhr{\&}amp;}},
    author = {Verbundvorhaben, Im and Born, Rolf and P{\"{o}}lling, Bernd and Standortentwicklung, " and Raum, Ländlicher},
    url = {https://www.landwirtschaftskammer.de/landwirtschaft/landentwicklung/urban/pdf/vortrag-urbane-landwirtschaft.pdf},
    address = {Landwirtschaftskammer Nordrhein-Westfalen}
}

@article{Baxter2008,
    title = {{[ No Title ]}},
    year = {2008},
    journal = {Animal Genetics},
    author = {Baxter, R. and Hastings, N. and Law, a. and Glass, E. J..},
    number = {5},
    pages = {561--563},
    volume = {39},
    keywords = {1999, also, antigen, bola, bola-drb3, bovine, called the bovine leucocyte, complex, genotyping, includes many immune-related genes, lewin et al, mhc, of cattle, the major histocompatibility complex}
}

@article{Heislitz2014,
    title = {{» Begr{\"{u}}nung der Betonw{\"{u}}ste «}},
    year = {2014},
    author = {Heislitz, Marlen},
    number = {September},
    url = {http://publikationen.ub.uni-frankfurt.de/files/40446/WP-8-2014_Heislitz_Online.pdf}
}

@misc{2017GrowingLuftschutzbunker,
    title = {{„Growing Underground“: Salat aus dem Luftschutzbunker}},
    year = {2017},
    url = {https://www.epochtimes.de/genial/natur/underground-salat-aus-dem-luftschutzbunker-a2233713.html}
}